@book{knr,
	title		= "{The C Programming Language}",
	author		= "Brian Kerninghan and Dennis Ritchie",
	year		= "2014",
	edition		= "2",
	publisher	= "Prentice Hall Software Series",
	location	= "Westford, Massachusetts",
	ISBN		= "0-13-110362-8"
}

@book{hcs08,
	title		= "{HCS08 Unleashed - Designers Guide to the HCS08 Microcontrollers}",
	author		= "F\'{a}bio Pereira",
	year		= "2009",
	edition		= "2",
	publisher	= "F\'{a}bio Pereira",
	location	= "USA",
	ISBN		= "978-1-4196-8592-7"
}

@manual{pg,
	title		= "{HSLU HCS08 Programming Guide}",
	author		= "Christian Jost",
	publisher	= "{Hochschule Luzern - Technik \& Architektur}",
}
